1111110000000000000000001111111111111113333110000000000000000000
1111111000000000000000111111111111111113333111000000000000000000
1111111111000000000000111111111111111133311111110000000000000000
1111111111100000000000111111111111111133311110000000000000000000
1111111111100000000000111111111111113333330000000000000000000000
1111111111100000000001111111111113333333000000000000000000000000
1111111111110000000001111111111133333300000000000000000000000000
1111111111110000000000011111133333330000000000000000000000000000
1111111111111000000000011133333333000000000000000000000000000000
1111111111111100000000001133333300000000000000000000000000000000
1111111111111111000000000011330000000000000000000000000000000000
3333011111111001000000000000000000000000000000000000000000000000
3303333333330001033330000000000000000000000000000000000000000011
1100330000333333333333000000000000000000000000000000000000000111
1111330000033333333330000000000000000000000000000000000000000111
1111100000033333303000000000000000000000000000000000000000011111
1111110000333333000000000000000000000000000000000000000000011111
1111110000003000000000000000000000000000000000000000000000011111
1111100000000000000000000000000000000000000000000000000000000111
1111101100000000000000000000000000000000000000000000000000000011
1111111100000000000000000000000000000000000000000000000000000000
1111100100000000000000000000000000000000000000000000000000000000
1111111000000000000000300000003330000000000000000000000000000000
1111100000000000000003033000333300000000000000000000000000000000
1111000000000000000000033333333300000000000000000000000000000000
1110000000000000011110000333330000000003000000000000000000000001
1110000000000000011110000003300000000003330000000000000000000000
1100000000000000000001000000000000000003330000000000000000000000
1100000000000000000011000000000000330033300000000000000000000000
1100000000000000000011100000000000333303000000000000000000000011
1000000000000000000000000001110000000000000000000000000000000111
1000000000000000000000000011110111000000000000000000000000000111
1100000000000000000000000001001100000000000000000000000000000111
1100000000000000000000000000000100000000000000000000000003330001
1000000000000000000000000000000000000000000000000000000033331111
1000000000000000000000000000000000000000000000033300003033001111
1000000000000000000000000000000000000000000000000333333033011111
1000000000000000000000000000000000000000000000000030330000011111
0000000000000000000000000000000000000000011111011000000000111111
0000000000000000000000000000000000000001101110111000000000000111
0000000000000000000000000000000000000000111001111000000000000000
0000000001100000000000011110000000000000000001000000000000000000
0000000011110000000000011110000000000000000000000000000000000000
0000111111111100000011111111110000000000000000000000000000000000
0011111111111111100111111111110000000000000000000000000000000000
0111111111111111111111111111111000000011111100000000000000000000
0000111111111111111111111111111110000011111110000000000000000000
0011111111111111111111111111111111000011111110000000000000000000